%%%%%%%%%%%%%%%% chapter: LHC %%%%%%%%%%%%%%%%
@manual{LHC,
  author = {CERN},
  title = {Accelerators and Schedules},
  year = "2018 (accessed November 12, 2018)",
  url = {https://beams.web.cern.ch/content/accelerators-schedules},
}
@manual{CMS,
  author = {CMS},
  title = {CMS Detector Design},
  year = "2018 (accessed November 21, 2018)",
  url = {https://cms.cern/news/cms-detector-design},
}
@mastersthesis{Lenzi:2013xpa,
      author         = "Lenzi, Thomas",
      title          = "{Development and Study of Different Muon Track
                        Reconstruction Algorithms for the Level-1 Trigger for the
                        CMS Muon Upgrade with GEM Detectors}",
      school         = "U. Brussels (main)",
      year           = "2013",
      eprint         = "1306.0858",
      archivePrefix  = "arXiv",
      primaryClass   = "physics.ins-det",
      reportNumber   = "CERN-THESIS-2013-042",
      SLACcitation   = "%%CITATION = ARXIV:1306.0858;%%"
}
@techreport{Dominguez:1481838,
      author        = "Dominguez, A and Abbaneo, D and Arndt, K and Bacchetta, N
                       and Ball, A and Bartz, E and Bertl, W and Bilei, G M and
                       Bolla, G and Cheung, H W K and Chertok, M and Costa, S and
                       Demaria, N and Daniel Dominguez Vazquez and Ecklund, K and
                       Erdmann, W and Gill, K and Hall, G and Harder, K and
                       Hartmann, F and Horisberger, R and Johns, W and Kaestli, H
                       C and Klein, K and Kotlinski, D and Kwan, S and Pesaresi, M
                       and Postema, H and Rohe, T and Sch√§fer, C and Starodumov,
                       A and Streuli, S and Tricomi, A and Tropea, P and Troska, J
                       and Vasey, F and Zeuner, W",
      editor        = "Dominguez, A",
      title         = "{CMS Technical Design Report for the Pixel Detector
                       Upgrade}",
      number        = "CERN-LHCC-2012-016. CMS-TDR-11",
      month         = "Sep",
      year          = "2012",
      reportNumber  = "CERN-LHCC-2012-016",
      institution   = "CERN",
      url           = "https://cds.cern.ch/record/1481838",
}
@article{Chatrchyan:2008aa,
      author         = "Chatrchyan, S. and others",
      title          = "{The CMS Experiment at the CERN LHC}",
      collaboration  = "CMS",
      journal        = "JINST",
      volume         = "3",
      year           = "2008",
      pages          = "S08004",
      doi            = "10.1088/1748-0221/3/08/S08004",
      SLACcitation   = "%%CITATION = JINST,3,S08004;%%"
}